Trade_Time,Price_USD,Volume_BTC,Symbol
2025-09-30 01:41:47.396,114405.3,0.017,BTCUSDT
2025-09-30 01:41:47.396,114405.3,0.001,BTCUSDT
2025-09-30 01:41:47.396,114405.3,0.019,BTCUSDT
2025-09-30 01:41:47.416,114405.2,0.269,BTCUSDT
2025-09-30 01:41:47.516,114405.2,0.001,BTCUSDT
2025-09-30 01:41:47.517,114405.3,0.001,BTCUSDT
2025-09-30 01:41:47.634,114405.3,0.001,BTCUSDT
2025-09-30 01:41:48.333,114405.3,0.036,BTCUSDT
2025-09-30 01:41:48.417,114405.2,0.028,BTCUSDT
2025-09-30 01:41:48.513,114405.2,0.02,BTCUSDT
2025-09-30 01:41:48.676,114405.3,0.111,BTCUSDT
2025-09-30 01:41:48.889,114405.3,0.107,BTCUSDT
2025-09-30 01:41:49.034,114405.2,0.004,BTCUSDT
2025-09-30 01:41:49.227,114405.2,0.001,BTCUSDT
2025-09-30 01:41:49.368,114405.3,0.031,BTCUSDT
2025-09-30 01:41:49.368,114405.3,0.002,BTCUSDT
2025-09-30 01:41:49.368,114405.3,0.003,BTCUSDT
2025-09-30 01:41:49.535,114405.3,0.021,BTCUSDT
2025-09-30 01:41:49.631,114405.3,0.001,BTCUSDT
2025-09-30 01:41:49.937,114405.2,0.014,BTCUSDT
2025-09-30 01:41:49.986,114405.2,0.002,BTCUSDT
2025-09-30 01:41:50.357,114405.3,0.036,BTCUSDT
2025-09-30 01:41:50.363,114405.3,0.001,BTCUSDT
2025-09-30 01:41:50.398,114405.2,0.064,BTCUSDT
2025-09-30 01:41:50.398,114405.2,0.001,BTCUSDT
2025-09-30 01:41:50.398,114405.2,0.035,BTCUSDT
2025-09-30 01:41:50.528,114405.2,0.001,BTCUSDT
2025-09-30 01:41:50.756,114405.2,0.005,BTCUSDT
2025-09-30 01:41:50.895,114405.3,0.022,BTCUSDT
2025-09-30 01:41:50.934,114405.3,0.01,BTCUSDT
2025-09-30 01:41:50.964,114405.2,0.185,BTCUSDT
2025-09-30 01:41:50.969,114405.3,0.01,BTCUSDT
2025-09-30 01:41:51.113,114405.3,0.002,BTCUSDT
2025-09-30 01:41:51.192,114405.3,0.003,BTCUSDT
2025-09-30 01:41:51.254,114405.3,0.002,BTCUSDT
2025-09-30 01:41:51.314,114405.3,0.001,BTCUSDT
2025-09-30 01:41:51.353,114405.3,0.036,BTCUSDT
2025-09-30 01:41:51.387,114405.2,0.222,BTCUSDT
2025-09-30 01:41:51.387,114405.2,0.124,BTCUSDT
2025-09-30 01:41:51.387,114405.2,0.002,BTCUSDT
2025-09-30 01:41:51.387,114405.2,0.001,BTCUSDT
2025-09-30 01:41:51.387,114405.2,0.004,BTCUSDT
2025-09-30 01:41:51.387,114405.2,0.003,BTCUSDT
2025-09-30 01:41:51.387,114405.2,0.003,BTCUSDT
2025-09-30 01:41:51.387,114405.2,0.177,BTCUSDT
2025-09-30 01:41:51.387,114405.2,0.181,BTCUSDT
2025-09-30 01:41:51.499,114405.2,0.319,BTCUSDT
2025-09-30 01:41:51.499,114405.2,0.037,BTCUSDT
2025-09-30 01:41:51.650,114405.3,0.025,BTCUSDT
2025-09-30 01:41:52.184,114405.3,0.001,BTCUSDT
2025-09-30 01:41:52.415,114405.3,0.037,BTCUSDT
2025-09-30 01:41:52.441,114405.3,0.001,BTCUSDT
2025-09-30 01:41:52.657,114405.2,0.001,BTCUSDT
2025-09-30 01:41:52.657,114405.2,0.03,BTCUSDT
2025-09-30 01:41:53.240,114405.2,0.01,BTCUSDT
2025-09-30 01:41:53.320,114405.3,0.005,BTCUSDT
2025-09-30 01:41:53.397,114405.3,0.037,BTCUSDT
2025-09-30 01:41:53.467,114405.2,0.001,BTCUSDT
2025-09-30 01:41:53.477,114405.3,0.002,BTCUSDT
2025-09-30 01:41:53.634,114405.3,0.001,BTCUSDT
2025-09-30 01:41:53.778,114405.3,0.001,BTCUSDT
2025-09-30 01:41:54.057,114405.2,0.012,BTCUSDT
2025-09-30 01:41:54.242,114405.2,0.001,BTCUSDT
2025-09-30 01:41:54.267,114405.2,0.061,BTCUSDT
2025-09-30 01:41:54.360,114405.3,0.036,BTCUSDT
2025-09-30 01:41:54.790,114405.3,0.01,BTCUSDT
2025-09-30 01:41:54.835,114405.2,0.238,BTCUSDT
2025-09-30 01:41:54.835,114405.2,0.086,BTCUSDT
2025-09-30 01:41:54.835,114405.2,0.001,BTCUSDT
2025-09-30 01:41:54.835,114405.2,0.001,BTCUSDT
2025-09-30 01:41:54.835,114405.2,0.291,BTCUSDT
2025-09-30 01:41:55.054,114405.2,0.008,BTCUSDT
2025-09-30 01:41:55.399,114405.3,0.077,BTCUSDT
2025-09-30 01:41:55.406,114405.3,0.036,BTCUSDT
2025-09-30 01:41:55.832,114405.2,0.082,BTCUSDT
2025-09-30 01:41:55.832,114405.2,0.001,BTCUSDT
2025-09-30 01:41:55.832,114405.2,0.001,BTCUSDT
2025-09-30 01:41:55.832,114405.2,0.046,BTCUSDT
2025-09-30 01:41:55.832,114405.2,0.28,BTCUSDT
2025-09-30 01:41:55.943,114405.2,0.02,BTCUSDT
2025-09-30 01:41:56.283,114405.3,0.001,BTCUSDT
2025-09-30 01:41:56.407,114405.2,0.006,BTCUSDT
2025-09-30 01:41:56.443,114405.2,0.017,BTCUSDT
2025-09-30 01:41:56.445,114405.3,0.037,BTCUSDT
2025-09-30 01:41:56.888,114405.3,0.017,BTCUSDT
2025-09-30 01:41:57.103,114405.2,0.008,BTCUSDT
2025-09-30 01:41:57.238,114405.2,0.01,BTCUSDT
2025-09-30 01:41:57.241,114405.2,0.001,BTCUSDT
2025-09-30 01:41:57.242,114405.2,0.022,BTCUSDT
2025-09-30 01:41:57.243,114405.2,0.414,BTCUSDT
2025-09-30 01:41:57.243,114405.2,0.001,BTCUSDT
2025-09-30 01:41:57.243,114405.2,0.001,BTCUSDT
2025-09-30 01:41:57.243,114405.2,0.001,BTCUSDT
2025-09-30 01:41:57.243,114405.2,0.298,BTCUSDT
2025-09-30 01:41:57.243,114405.2,0.308,BTCUSDT
2025-09-30 01:41:57.243,114405.2,0.334,BTCUSDT
2025-09-30 01:41:57.243,114405.2,0.002,BTCUSDT
2025-09-30 01:41:57.243,114405.2,0.001,BTCUSDT
2025-09-30 01:41:57.243,114405.2,0.002,BTCUSDT
2025-09-30 01:41:57.243,114405.1,0.001,BTCUSDT
2025-09-30 01:41:57.243,114405.1,0.001,BTCUSDT
2025-09-30 01:41:57.243,114405.1,0.002,BTCUSDT
2025-09-30 01:41:57.243,114404.9,0.001,BTCUSDT
2025-09-30 01:41:57.243,114404.9,0.004,BTCUSDT
2025-09-30 01:41:57.243,114404.9,0.002,BTCUSDT
2025-09-30 01:41:57.243,114404.8,0.004,BTCUSDT
2025-09-30 01:41:57.243,114404.8,0.002,BTCUSDT
2025-09-30 01:41:57.243,114404.7,0.002,BTCUSDT
2025-09-30 01:41:57.243,114404.6,0.086,BTCUSDT
2025-09-30 01:41:57.243,114404.5,0.002,BTCUSDT
2025-09-30 01:41:57.243,114404.4,0.001,BTCUSDT
2025-09-30 01:41:57.243,114404.4,0.001,BTCUSDT
2025-09-30 01:41:57.243,114404.4,0.001,BTCUSDT
2025-09-30 01:41:57.243,114404.2,0.002,BTCUSDT
2025-09-30 01:41:57.243,114404.1,0.001,BTCUSDT
2025-09-30 01:41:57.243,114403.6,0.002,BTCUSDT
2025-09-30 01:41:57.243,114403.3,0.001,BTCUSDT
2025-09-30 01:41:57.243,114403.2,0.002,BTCUSDT
2025-09-30 01:41:57.243,114403.2,0.009,BTCUSDT
2025-09-30 01:41:57.243,114403.0,0.002,BTCUSDT
2025-09-30 01:41:57.243,114402.9,0.001,BTCUSDT
2025-09-30 01:41:57.243,114402.7,0.001,BTCUSDT
2025-09-30 01:41:57.243,114402.7,0.003,BTCUSDT
2025-09-30 01:41:57.243,114402.4,0.002,BTCUSDT
2025-09-30 01:41:57.243,114402.4,0.017,BTCUSDT
2025-09-30 01:41:57.243,114402.3,0.005,BTCUSDT
2025-09-30 01:41:57.243,114402.3,0.066,BTCUSDT
2025-09-30 01:41:57.243,114402.2,0.002,BTCUSDT
2025-09-30 01:41:57.243,114402.0,0.001,BTCUSDT
2025-09-30 01:41:57.243,114401.9,0.029,BTCUSDT
2025-09-30 01:41:57.243,114401.8,0.002,BTCUSDT
2025-09-30 01:41:57.243,114401.7,0.384,BTCUSDT
2025-09-30 01:41:57.243,114401.7,0.003,BTCUSDT
2025-09-30 01:41:57.243,114401.6,0.004,BTCUSDT
2025-09-30 01:41:57.243,114401.4,0.001,BTCUSDT
2025-09-30 01:41:57.243,114401.4,0.036,BTCUSDT
2025-09-30 01:41:57.243,114401.2,0.002,BTCUSDT
2025-09-30 01:41:57.243,114401.1,0.002,BTCUSDT
2025-09-30 01:41:57.243,114401.1,0.001,BTCUSDT
2025-09-30 01:41:57.243,114401.1,0.491,BTCUSDT
2025-09-30 01:41:57.244,114401.1,0.345,BTCUSDT
2025-09-30 01:41:57.244,114401.1,0.027,BTCUSDT
2025-09-30 01:41:57.244,114401.1,0.01,BTCUSDT
2025-09-30 01:41:57.244,114401.0,0.001,BTCUSDT
2025-09-30 01:41:57.245,114400.8,0.001,BTCUSDT
2025-09-30 01:41:57.245,114400.7,0.001,BTCUSDT
2025-09-30 01:41:57.245,114400.6,0.002,BTCUSDT
2025-09-30 01:41:57.245,114400.2,0.023,BTCUSDT
2025-09-30 01:41:57.246,114400.2,0.023,BTCUSDT
2025-09-30 01:41:57.246,114400.2,0.031,BTCUSDT
2025-09-30 01:41:57.246,114400.2,0.028,BTCUSDT
2025-09-30 01:41:57.247,114400.2,0.006,BTCUSDT
2025-09-30 01:41:57.247,114400.1,0.006,BTCUSDT
2025-09-30 01:41:57.247,114400.0,0.01,BTCUSDT
2025-09-30 01:41:57.247,114400.0,0.006,BTCUSDT
2025-09-30 01:41:57.247,114400.0,0.001,BTCUSDT
2025-09-30 01:41:57.247,114400.0,0.188,BTCUSDT
2025-09-30 01:41:57.248,114400.0,0.492,BTCUSDT
2025-09-30 01:41:57.248,114400.0,0.185,BTCUSDT
2025-09-30 01:41:57.248,114400.0,0.007,BTCUSDT
2025-09-30 01:41:57.248,114400.0,0.035,BTCUSDT
2025-09-30 01:41:57.248,114400.0,0.01,BTCUSDT
2025-09-30 01:41:57.248,114400.0,0.017,BTCUSDT
2025-09-30 01:41:57.257,114400.0,0.02,BTCUSDT
2025-09-30 01:41:57.283,114400.0,0.004,BTCUSDT
2025-09-30 01:41:57.286,114400.0,0.01,BTCUSDT
2025-09-30 01:41:57.286,114400.0,0.05,BTCUSDT
2025-09-30 01:41:57.286,114400.0,0.105,BTCUSDT
2025-09-30 01:41:57.286,114400.0,0.002,BTCUSDT
2025-09-30 01:41:57.286,114400.0,0.001,BTCUSDT
2025-09-30 01:41:57.286,114400.0,0.003,BTCUSDT
2025-09-30 01:41:57.286,114400.0,0.006,BTCUSDT
2025-09-30 01:41:57.286,114400.0,0.008,BTCUSDT
2025-09-30 01:41:57.286,114400.0,0.001,BTCUSDT
2025-09-30 01:41:57.286,114400.0,0.64,BTCUSDT
2025-09-30 01:41:57.290,114400.0,0.105,BTCUSDT
2025-09-30 01:41:57.295,114400.0,0.001,BTCUSDT
2025-09-30 01:41:57.325,114400.0,0.093,BTCUSDT
2025-09-30 01:41:57.339,114400.0,0.017,BTCUSDT
2025-09-30 01:41:57.402,114400.0,0.144,BTCUSDT
2025-09-30 01:41:57.402,114400.0,0.194,BTCUSDT
2025-09-30 01:41:57.402,114400.0,0.066,BTCUSDT
2025-09-30 01:41:57.402,114400.0,0.002,BTCUSDT
2025-09-30 01:41:57.402,114400.0,0.001,BTCUSDT
2025-09-30 01:41:57.402,114400.0,0.001,BTCUSDT
2025-09-30 01:41:57.402,114400.0,0.001,BTCUSDT
2025-09-30 01:41:57.402,114400.0,0.001,BTCUSDT
2025-09-30 01:41:57.402,114400.0,0.001,BTCUSDT
2025-09-30 01:41:57.402,114400.0,0.001,BTCUSDT
2025-09-30 01:41:57.402,114400.0,0.001,BTCUSDT
2025-09-30 01:41:57.402,114400.0,0.001,BTCUSDT
2025-09-30 01:41:57.402,114400.0,0.001,BTCUSDT
2025-09-30 01:41:57.402,114400.0,0.001,BTCUSDT
2025-09-30 01:41:57.402,114400.0,0.001,BTCUSDT
2025-09-30 01:41:57.402,114400.0,0.276,BTCUSDT
2025-09-30 01:41:57.402,114400.0,0.002,BTCUSDT
2025-09-30 01:41:57.402,114400.0,0.001,BTCUSDT
2025-09-30 01:41:57.402,114399.9,0.001,BTCUSDT
2025-09-30 01:41:57.402,114399.9,0.001,BTCUSDT
2025-09-30 01:41:57.402,114399.9,0.001,BTCUSDT
2025-09-30 01:41:57.420,114399.8,0.001,BTCUSDT
2025-09-30 01:41:57.459,114399.9,0.037,BTCUSDT
2025-09-30 01:41:57.598,114399.8,0.806,BTCUSDT
2025-09-30 01:41:57.832,114399.8,0.071,BTCUSDT
2025-09-30 01:41:58.012,114399.9,0.001,BTCUSDT
2025-09-30 01:41:58.036,114399.8,0.622,BTCUSDT
2025-09-30 01:41:58.036,114399.8,0.001,BTCUSDT
2025-09-30 01:41:58.036,114399.8,0.001,BTCUSDT
2025-09-30 01:41:58.036,114399.8,0.001,BTCUSDT
2025-09-30 01:41:58.036,114399.8,0.014,BTCUSDT
2025-09-30 01:41:58.036,114399.8,0.002,BTCUSDT
2025-09-30 01:41:58.036,114399.8,0.002,BTCUSDT
2025-09-30 01:41:58.036,114399.7,0.001,BTCUSDT
2025-09-30 01:41:58.036,114399.7,0.001,BTCUSDT
2025-09-30 01:41:58.036,114399.7,0.001,BTCUSDT
2025-09-30 01:41:58.036,114399.4,0.002,BTCUSDT
2025-09-30 01:41:58.036,114399.0,0.002,BTCUSDT
2025-09-30 01:41:58.036,114399.0,0.001,BTCUSDT
2025-09-30 01:41:58.036,114398.9,0.002,BTCUSDT
2025-09-30 01:41:58.036,114398.8,0.002,BTCUSDT
2025-09-30 01:41:58.036,114398.2,0.003,BTCUSDT
2025-09-30 01:41:58.036,114398.2,0.002,BTCUSDT
2025-09-30 01:41:58.036,114398.0,0.001,BTCUSDT
2025-09-30 01:41:58.036,114397.9,0.001,BTCUSDT
2025-09-30 01:41:58.036,114397.8,0.002,BTCUSDT
2025-09-30 01:41:58.036,114397.8,0.001,BTCUSDT
2025-09-30 01:41:58.036,114397.6,0.001,BTCUSDT
2025-09-30 01:41:58.036,114397.6,0.002,BTCUSDT
2025-09-30 01:41:58.036,114397.5,0.004,BTCUSDT
2025-09-30 01:41:58.036,114397.4,0.001,BTCUSDT
2025-09-30 01:41:58.036,114397.3,0.001,BTCUSDT
2025-09-30 01:41:58.036,114397.3,0.002,BTCUSDT
2025-09-30 01:41:58.036,114397.2,0.002,BTCUSDT
2025-09-30 01:41:58.036,114397.2,0.01,BTCUSDT
2025-09-30 01:41:58.036,114397.1,0.002,BTCUSDT
2025-09-30 01:41:58.036,114397.0,0.002,BTCUSDT
2025-09-30 01:41:58.036,114396.7,0.002,BTCUSDT
2025-09-30 01:41:58.036,114396.5,0.001,BTCUSDT
2025-09-30 01:41:58.036,114396.5,0.042,BTCUSDT
2025-09-30 01:41:58.036,114396.4,0.02,BTCUSDT
2025-09-30 01:41:58.036,114396.4,0.002,BTCUSDT
2025-09-30 01:41:58.036,114396.3,0.002,BTCUSDT
2025-09-30 01:41:58.036,114396.3,0.001,BTCUSDT
2025-09-30 01:41:58.036,114396.3,0.001,BTCUSDT
2025-09-30 01:41:58.036,114396.1,0.002,BTCUSDT
2025-09-30 01:41:58.036,114395.9,0.001,BTCUSDT
2025-09-30 01:41:58.036,114395.9,0.005,BTCUSDT
2025-09-30 01:41:58.036,114395.9,0.066,BTCUSDT
2025-09-30 01:41:58.036,114395.8,0.002,BTCUSDT
2025-09-30 01:41:58.036,114395.6,0.002,BTCUSDT
2025-09-30 01:41:58.036,114395.4,0.045,BTCUSDT
2025-09-30 01:41:58.036,114395.4,0.001,BTCUSDT
2025-09-30 01:41:58.036,114395.2,0.002,BTCUSDT
2025-09-30 01:41:58.036,114395.0,0.001,BTCUSDT
2025-09-30 01:41:58.036,114395.0,0.001,BTCUSDT
2025-09-30 01:41:58.036,114394.6,0.002,BTCUSDT
2025-09-30 01:41:58.036,114394.5,0.001,BTCUSDT
2025-09-30 01:41:58.036,114394.5,0.002,BTCUSDT
2025-09-30 01:41:58.036,114394.4,0.001,BTCUSDT
2025-09-30 01:41:58.036,114394.2,0.001,BTCUSDT
2025-09-30 01:41:58.036,114394.1,0.06,BTCUSDT
2025-09-30 01:41:58.036,114394.0,0.001,BTCUSDT
2025-09-30 01:41:58.036,114394.0,0.002,BTCUSDT
2025-09-30 01:41:58.036,114393.9,0.011,BTCUSDT
2025-09-30 01:41:58.036,114393.9,0.002,BTCUSDT
2025-09-30 01:41:58.036,114393.9,0.002,BTCUSDT
2025-09-30 01:41:58.036,114393.7,0.001,BTCUSDT
2025-09-30 01:41:58.036,114393.6,0.001,BTCUSDT
2025-09-30 01:41:58.036,114393.5,0.002,BTCUSDT
2025-09-30 01:41:58.036,114393.4,0.002,BTCUSDT
2025-09-30 01:41:58.036,114393.3,0.001,BTCUSDT
2025-09-30 01:41:58.036,114393.3,0.002,BTCUSDT
2025-09-30 01:41:58.036,114393.2,0.229,BTCUSDT
2025-09-30 01:41:58.036,114393.1,0.969,BTCUSDT
2025-09-30 01:41:58.036,114392.9,0.004,BTCUSDT
2025-09-30 01:41:58.036,114392.8,0.002,BTCUSDT
2025-09-30 01:41:58.036,114392.8,0.001,BTCUSDT
2025-09-30 01:41:58.036,114392.7,0.066,BTCUSDT
2025-09-30 01:41:58.036,114392.6,0.002,BTCUSDT
2025-09-30 01:41:58.036,114392.5,0.001,BTCUSDT
2025-09-30 01:41:58.036,114392.5,0.03,BTCUSDT
2025-09-30 01:41:58.036,114392.4,0.001,BTCUSDT
2025-09-30 01:41:58.036,114392.4,0.002,BTCUSDT
2025-09-30 01:41:58.036,114392.4,0.017,BTCUSDT
2025-09-30 01:41:58.036,114392.2,0.002,BTCUSDT
2025-09-30 01:41:58.036,114392.1,0.003,BTCUSDT
2025-09-30 01:41:58.036,114392.0,0.001,BTCUSDT
2025-09-30 01:41:58.036,114391.9,0.002,BTCUSDT
2025-09-30 01:41:58.036,114391.6,0.002,BTCUSDT
2025-09-30 01:41:58.036,114391.6,0.002,BTCUSDT
2025-09-30 01:41:58.036,114391.6,0.002,BTCUSDT
2025-09-30 01:41:58.036,114391.4,0.002,BTCUSDT
2025-09-30 01:41:58.036,114391.4,0.001,BTCUSDT
2025-09-30 01:41:58.036,114391.4,0.002,BTCUSDT
2025-09-30 01:41:58.036,114391.3,0.001,BTCUSDT
2025-09-30 01:41:58.036,114391.2,0.001,BTCUSDT
2025-09-30 01:41:58.036,114391.0,0.002,BTCUSDT
2025-09-30 01:41:58.036,114391.0,0.002,BTCUSDT
2025-09-30 01:41:58.036,114390.8,0.001,BTCUSDT
2025-09-30 01:41:58.036,114390.6,0.001,BTCUSDT
2025-09-30 01:41:58.036,114390.6,0.005,BTCUSDT
2025-09-30 01:41:58.036,114390.6,0.005,BTCUSDT
2025-09-30 01:41:58.036,114390.5,0.002,BTCUSDT
2025-09-30 01:41:58.036,114390.5,0.003,BTCUSDT
2025-09-30 01:41:58.036,114390.4,0.002,BTCUSDT
2025-09-30 01:41:58.036,114390.1,0.002,BTCUSDT
2025-09-30 01:41:58.036,114390.0,0.022,BTCUSDT
2025-09-30 01:41:58.036,114390.0,0.022,BTCUSDT
2025-09-30 01:41:58.036,114390.0,0.001,BTCUSDT
2025-09-30 01:41:58.036,114390.0,0.001,BTCUSDT
2025-09-30 01:41:58.036,114390.0,0.001,BTCUSDT
2025-09-30 01:41:58.036,114389.8,0.002,BTCUSDT
2025-09-30 01:41:58.036,114389.7,0.001,BTCUSDT
2025-09-30 01:41:58.036,114389.5,0.007,BTCUSDT
2025-09-30 01:41:58.036,114389.4,0.001,BTCUSDT
2025-09-30 01:41:58.036,114389.4,0.066,BTCUSDT
2025-09-30 01:41:58.036,114389.2,0.002,BTCUSDT
2025-09-30 01:41:58.036,114389.1,0.001,BTCUSDT
2025-09-30 01:41:58.036,114389.0,0.006,BTCUSDT
2025-09-30 01:41:58.036,114389.0,0.002,BTCUSDT
2025-09-30 01:41:58.036,114388.9,0.003,BTCUSDT
2025-09-30 01:41:58.036,114388.8,0.001,BTCUSDT
2025-09-30 01:41:58.036,114388.6,0.002,BTCUSDT
2025-09-30 01:41:58.036,114388.5,0.001,BTCUSDT
2025-09-30 01:41:58.036,114388.4,0.001,BTCUSDT
2025-09-30 01:41:58.036,114388.2,0.002,BTCUSDT
2025-09-30 01:41:58.036,114388.2,0.001,BTCUSDT
2025-09-30 01:41:58.036,114388.1,0.001,BTCUSDT
2025-09-30 01:41:58.036,114388.1,0.001,BTCUSDT
2025-09-30 01:41:58.036,114388.1,0.002,BTCUSDT
2025-09-30 01:41:58.036,114388.1,0.157,BTCUSDT
2025-09-30 01:41:58.036,114388.1,0.006,BTCUSDT
2025-09-30 01:41:58.036,114388.0,0.001,BTCUSDT
2025-09-30 01:41:58.036,114388.0,0.002,BTCUSDT
2025-09-30 01:41:58.036,114388.0,0.062,BTCUSDT
2025-09-30 01:41:58.036,114387.9,0.001,BTCUSDT
2025-09-30 01:41:58.036,114387.9,0.001,BTCUSDT
2025-09-30 01:41:58.036,114387.8,0.008,BTCUSDT
2025-09-30 01:41:58.036,114387.7,0.001,BTCUSDT
2025-09-30 01:41:58.036,114387.6,0.002,BTCUSDT
2025-09-30 01:41:58.036,114387.6,0.001,BTCUSDT
2025-09-30 01:41:58.036,114387.5,0.03,BTCUSDT
2025-09-30 01:41:58.036,114387.4,0.001,BTCUSDT
2025-09-30 01:41:58.036,114387.4,0.002,BTCUSDT
2025-09-30 01:41:58.036,114387.2,0.001,BTCUSDT
2025-09-30 01:41:58.036,114387.1,0.002,BTCUSDT
2025-09-30 01:41:58.036,114387.0,0.104,BTCUSDT
2025-09-30 01:41:58.036,114387.0,0.001,BTCUSDT
2025-09-30 01:41:58.036,114386.8,0.002,BTCUSDT
2025-09-30 01:41:58.036,114386.8,0.065,BTCUSDT
2025-09-30 01:41:58.036,114386.8,0.002,BTCUSDT
2025-09-30 01:41:58.036,114386.5,0.001,BTCUSDT
2025-09-30 01:41:58.036,114386.5,0.002,BTCUSDT
2025-09-30 01:41:58.036,114386.3,0.002,BTCUSDT
2025-09-30 01:41:58.036,114386.3,0.017,BTCUSDT
2025-09-30 01:41:58.036,114386.2,0.002,BTCUSDT
2025-09-30 01:41:58.036,114386.2,0.066,BTCUSDT
2025-09-30 01:41:58.036,114386.1,0.001,BTCUSDT
2025-09-30 01:41:58.036,114385.9,0.001,BTCUSDT
2025-09-30 01:41:58.036,114385.9,0.001,BTCUSDT
2025-09-30 01:41:58.036,114385.8,0.002,BTCUSDT
2025-09-30 01:41:58.036,114385.8,0.007,BTCUSDT
2025-09-30 01:41:58.036,114385.7,0.001,BTCUSDT
2025-09-30 01:41:58.036,114385.7,0.087,BTCUSDT
2025-09-30 01:41:58.036,114385.6,0.002,BTCUSDT
2025-09-30 01:41:58.036,114385.6,0.002,BTCUSDT
2025-09-30 01:41:58.036,114385.6,0.007,BTCUSDT
2025-09-30 01:41:58.036,114385.6,0.002,BTCUSDT
2025-09-30 01:41:58.460,114385.7,0.001,BTCUSDT
2025-09-30 01:41:58.460,114385.7,0.001,BTCUSDT
2025-09-30 01:41:58.596,114385.6,0.001,BTCUSDT
2025-09-30 01:41:58.596,114385.6,0.001,BTCUSDT
2025-09-30 01:41:58.596,114385.6,0.001,BTCUSDT
2025-09-30 01:41:58.596,114385.6,0.001,BTCUSDT
2025-09-30 01:41:58.596,114385.6,0.002,BTCUSDT
2025-09-30 01:41:58.596,114385.6,0.001,BTCUSDT
2025-09-30 01:41:58.596,114385.6,0.001,BTCUSDT
2025-09-30 01:41:58.596,114385.6,0.001,BTCUSDT
2025-09-30 01:41:58.596,114385.6,0.001,BTCUSDT
2025-09-30 01:41:58.596,114385.6,0.001,BTCUSDT
2025-09-30 01:41:58.596,114385.6,0.001,BTCUSDT
2025-09-30 01:41:58.596,114385.6,0.024,BTCUSDT
2025-09-30 01:41:58.604,114385.7,0.037,BTCUSDT
2025-09-30 01:41:58.683,114385.6,0.008,BTCUSDT
2025-09-30 01:41:59.030,114385.6,0.243,BTCUSDT
2025-09-30 01:41:59.030,114385.7,0.001,BTCUSDT
2025-09-30 01:41:59.030,114385.7,0.043,BTCUSDT
2025-09-30 01:41:59.030,114385.6,0.001,BTCUSDT
2025-09-30 01:41:59.030,114385.6,0.004,BTCUSDT
2025-09-30 01:41:59.030,114385.6,0.035,BTCUSDT
2025-09-30 01:41:59.030,114385.6,0.014,BTCUSDT
2025-09-30 01:41:59.030,114385.6,0.158,BTCUSDT
2025-09-30 01:41:59.030,114385.6,0.095,BTCUSDT
2025-09-30 01:41:59.030,114385.6,0.001,BTCUSDT
2025-09-30 01:41:59.030,114385.6,0.012,BTCUSDT
2025-09-30 01:41:59.030,114385.6,0.004,BTCUSDT
2025-09-30 01:41:59.030,114385.7,0.002,BTCUSDT
2025-09-30 01:41:59.030,114385.6,0.004,BTCUSDT
2025-09-30 01:41:59.030,114385.6,0.003,BTCUSDT
2025-09-30 01:41:59.030,114385.6,0.096,BTCUSDT
2025-09-30 01:41:59.030,114385.6,0.022,BTCUSDT
2025-09-30 01:41:59.030,114385.6,0.094,BTCUSDT
2025-09-30 01:41:59.119,114385.6,0.001,BTCUSDT
2025-09-30 01:41:59.170,114385.6,0.012,BTCUSDT
2025-09-30 01:41:59.259,114385.6,0.001,BTCUSDT
2025-09-30 01:41:59.535,114385.7,0.001,BTCUSDT
2025-09-30 01:41:59.535,114385.7,0.001,BTCUSDT
2025-09-30 01:41:59.535,114385.7,0.035,BTCUSDT
2025-09-30 01:41:59.632,114385.6,0.34,BTCUSDT
2025-09-30 01:41:59.632,114385.6,0.177,BTCUSDT
2025-09-30 01:41:59.632,114385.6,0.045,BTCUSDT
2025-09-30 01:41:59.635,114385.6,0.148,BTCUSDT
2025-09-30 01:41:59.635,114385.6,0.207,BTCUSDT
2025-09-30 01:41:59.635,114385.6,0.163,BTCUSDT
2025-09-30 01:41:59.635,114385.6,0.165,BTCUSDT
2025-09-30 01:41:59.635,114385.6,0.125,BTCUSDT
2025-09-30 01:41:59.635,114385.6,0.001,BTCUSDT
2025-09-30 01:41:59.635,114385.6,0.356,BTCUSDT
2025-09-30 01:41:59.635,114385.6,0.033,BTCUSDT
2025-09-30 01:41:59.635,114385.6,0.33,BTCUSDT
2025-09-30 01:41:59.635,114385.6,0.5,BTCUSDT
2025-09-30 01:41:59.635,114385.6,0.001,BTCUSDT
2025-09-30 01:41:59.635,114385.6,0.047,BTCUSDT
2025-09-30 01:41:59.635,114385.6,0.057,BTCUSDT
2025-09-30 01:41:59.635,114385.6,0.159,BTCUSDT
2025-09-30 01:41:59.635,114385.6,0.295,BTCUSDT
2025-09-30 01:41:59.635,114385.6,0.643,BTCUSDT
2025-09-30 01:41:59.635,114385.6,0.001,BTCUSDT
2025-09-30 01:41:59.635,114385.6,0.623,BTCUSDT
2025-09-30 01:41:59.635,114385.6,0.8,BTCUSDT
2025-09-30 01:41:59.635,114385.6,0.001,BTCUSDT
2025-09-30 01:41:59.635,114385.6,0.43,BTCUSDT
2025-09-30 01:41:59.635,114385.6,0.52,BTCUSDT
2025-09-30 01:41:59.635,114385.6,0.469,BTCUSDT
2025-09-30 01:41:59.635,114385.6,0.531,BTCUSDT
2025-09-30 01:41:59.635,114385.6,0.77,BTCUSDT
2025-09-30 01:41:59.635,114385.6,0.08,BTCUSDT
2025-09-30 01:41:59.635,114385.6,0.004,BTCUSDT
2025-09-30 01:41:59.635,114385.6,0.007,BTCUSDT
2025-09-30 01:41:59.635,114385.6,0.03,BTCUSDT
2025-09-30 01:41:59.635,114385.6,0.002,BTCUSDT
2025-09-30 01:41:59.635,114385.6,0.019,BTCUSDT
2025-09-30 01:41:59.635,114385.6,0.148,BTCUSDT
2025-09-30 01:41:59.635,114385.6,0.153,BTCUSDT
2025-09-30 01:41:59.635,114385.6,0.179,BTCUSDT
2025-09-30 01:41:59.635,114385.6,0.026,BTCUSDT
2025-09-30 01:41:59.635,114385.6,0.026,BTCUSDT
2025-09-30 01:41:59.635,114385.6,0.026,BTCUSDT
2025-09-30 01:41:59.635,114385.6,0.026,BTCUSDT
2025-09-30 01:41:59.635,114385.6,0.026,BTCUSDT
2025-09-30 01:41:59.635,114385.6,0.026,BTCUSDT
2025-09-30 01:41:59.635,114385.6,0.045,BTCUSDT
2025-09-30 01:41:59.635,114385.6,0.16,BTCUSDT
2025-09-30 01:41:59.635,114385.6,0.04,BTCUSDT
2025-09-30 01:41:59.635,114385.6,0.002,BTCUSDT
2025-09-30 01:41:59.635,114385.6,0.001,BTCUSDT
2025-09-30 01:41:59.635,114385.6,0.009,BTCUSDT
2025-09-30 01:41:59.635,114385.6,0.001,BTCUSDT
2025-09-30 01:41:59.635,114385.6,0.001,BTCUSDT
2025-09-30 01:41:59.635,114385.6,0.49,BTCUSDT
2025-09-30 01:41:59.635,114385.6,0.969,BTCUSDT
2025-09-30 01:41:59.635,114385.6,0.027,BTCUSDT
2025-09-30 01:41:59.635,114385.6,0.04,BTCUSDT
2025-09-30 01:41:59.635,114385.6,0.2,BTCUSDT
2025-09-30 01:41:59.635,114385.6,0.029,BTCUSDT
2025-09-30 01:41:59.635,114385.6,0.029,BTCUSDT
2025-09-30 01:41:59.635,114385.6,0.029,BTCUSDT
2025-09-30 01:41:59.635,114385.6,0.03,BTCUSDT
2025-09-30 01:41:59.635,114385.6,0.03,BTCUSDT
2025-09-30 01:41:59.635,114385.6,0.029,BTCUSDT
2025-09-30 01:41:59.635,114385.6,0.029,BTCUSDT
2025-09-30 01:41:59.635,114385.6,0.03,BTCUSDT
2025-09-30 01:41:59.635,114385.6,0.029,BTCUSDT
2025-09-30 01:41:59.635,114385.6,0.029,BTCUSDT
2025-09-30 01:41:59.635,114385.6,0.029,BTCUSDT
2025-09-30 01:41:59.635,114385.6,0.029,BTCUSDT
2025-09-30 01:41:59.635,114385.6,0.03,BTCUSDT
2025-09-30 01:41:59.635,114385.6,0.029,BTCUSDT
2025-09-30 01:41:59.635,114385.6,0.029,BTCUSDT
2025-09-30 01:41:59.635,114385.6,0.029,BTCUSDT
2025-09-30 01:41:59.635,114385.6,0.029,BTCUSDT
2025-09-30 01:41:59.635,114385.6,0.029,BTCUSDT
2025-09-30 01:41:59.635,114385.6,0.029,BTCUSDT
2025-09-30 01:41:59.635,114385.6,0.03,BTCUSDT
2025-09-30 01:41:59.635,114385.6,0.001,BTCUSDT
2025-09-30 01:41:59.635,114385.6,0.001,BTCUSDT
2025-09-30 01:41:59.635,114385.6,0.002,BTCUSDT
2025-09-30 01:41:59.635,114385.6,0.08,BTCUSDT
2025-09-30 01:41:59.635,114385.6,0.002,BTCUSDT
2025-09-30 01:41:59.635,114385.6,0.05,BTCUSDT
2025-09-30 01:41:59.635,114385.6,0.002,BTCUSDT
2025-09-30 01:41:59.635,114385.6,0.001,BTCUSDT
2025-09-30 01:41:59.637,114385.6,0.002,BTCUSDT
2025-09-30 01:41:59.637,114385.5,0.001,BTCUSDT
2025-09-30 01:41:59.637,114385.5,0.001,BTCUSDT
2025-09-30 01:41:59.637,114385.5,0.001,BTCUSDT
2025-09-30 01:41:59.637,114385.5,0.001,BTCUSDT
2025-09-30 01:41:59.637,114385.5,0.001,BTCUSDT
2025-09-30 01:41:59.637,114385.3,0.001,BTCUSDT
2025-09-30 01:41:59.643,114385.2,0.001,BTCUSDT
2025-09-30 01:41:59.762,114385.2,0.05,BTCUSDT
2025-09-30 01:41:59.824,114385.2,0.005,BTCUSDT
2025-09-30 01:41:59.824,114385.2,0.026,BTCUSDT
2025-09-30 01:41:59.828,114385.2,0.03,BTCUSDT
2025-09-30 01:41:59.845,114385.2,0.012,BTCUSDT
2025-09-30 01:41:59.849,114385.2,0.013,BTCUSDT
2025-09-30 01:41:59.861,114385.2,0.001,BTCUSDT
2025-09-30 01:41:59.876,114385.2,0.01,BTCUSDT
2025-09-30 01:41:59.887,114385.2,0.018,BTCUSDT
2025-09-30 01:41:59.891,114385.2,0.011,BTCUSDT
2025-09-30 01:41:59.896,114385.2,0.012,BTCUSDT
2025-09-30 01:41:59.900,114385.2,0.005,BTCUSDT
2025-09-30 01:41:59.900,114385.2,0.001,BTCUSDT
2025-09-30 01:41:59.900,114385.2,0.009,BTCUSDT
2025-09-30 01:41:59.904,114385.2,0.03,BTCUSDT
2025-09-30 01:41:59.917,114385.2,0.086,BTCUSDT
2025-09-30 01:41:59.917,114385.2,0.017,BTCUSDT
2025-09-30 01:41:59.935,114385.2,0.001,BTCUSDT
2025-09-30 01:41:59.942,114385.2,0.017,BTCUSDT
2025-09-30 01:41:59.946,114385.2,0.029,BTCUSDT
2025-09-30 01:41:59.950,114385.2,0.025,BTCUSDT
2025-09-30 01:41:59.982,114385.2,0.011,BTCUSDT
2025-09-30 01:41:59.986,114385.2,0.018,BTCUSDT
2025-09-30 01:41:59.990,114385.2,0.026,BTCUSDT
2025-09-30 01:41:59.994,114385.2,0.014,BTCUSDT
2025-09-30 01:42:00.033,114385.2,0.012,BTCUSDT
2025-09-30 01:42:00.033,114385.2,0.037,BTCUSDT
2025-09-30 01:42:00.033,114385.2,0.053,BTCUSDT
2025-09-30 01:42:00.033,114385.2,0.014,BTCUSDT
2025-09-30 01:42:00.033,114385.2,0.003,BTCUSDT
2025-09-30 01:42:00.033,114385.2,0.002,BTCUSDT
2025-09-30 01:42:00.039,114385.2,0.031,BTCUSDT
2025-09-30 01:42:00.043,114385.2,0.01,BTCUSDT
2025-09-30 01:42:00.047,114385.2,0.026,BTCUSDT
2025-09-30 01:42:00.051,114385.2,0.028,BTCUSDT
2025-09-30 01:42:00.098,114385.2,0.028,BTCUSDT
2025-09-30 01:42:00.135,114385.3,0.009,BTCUSDT
2025-09-30 01:42:00.152,114385.2,0.001,BTCUSDT
2025-09-30 01:42:00.204,114385.2,0.024,BTCUSDT
2025-09-30 01:42:00.338,114385.2,0.014,BTCUSDT
2025-09-30 01:42:00.473,114385.3,0.001,BTCUSDT
2025-09-30 01:42:00.505,114385.3,0.008,BTCUSDT
2025-09-30 01:42:00.505,114385.3,0.001,BTCUSDT
2025-09-30 01:42:00.505,114385.3,1.642,BTCUSDT
2025-09-30 01:42:00.505,114385.3,0.423,BTCUSDT
2025-09-30 01:42:00.505,114385.3,0.001,BTCUSDT
2025-09-30 01:42:00.505,114385.3,0.007,BTCUSDT
2025-09-30 01:42:00.505,114385.3,0.03,BTCUSDT
2025-09-30 01:42:00.505,114385.3,0.37,BTCUSDT
2025-09-30 01:42:00.505,114385.3,0.182,BTCUSDT
2025-09-30 01:42:00.505,114385.3,0.2,BTCUSDT
2025-09-30 01:42:00.505,114385.3,0.001,BTCUSDT
2025-09-30 01:42:00.505,114385.3,0.001,BTCUSDT
2025-09-30 01:42:00.505,114385.3,0.001,BTCUSDT
2025-09-30 01:42:00.505,114385.3,0.005,BTCUSDT
2025-09-30 01:42:00.506,114385.3,0.001,BTCUSDT
2025-09-30 01:42:00.506,114385.3,0.005,BTCUSDT
2025-09-30 01:42:00.506,114385.3,0.001,BTCUSDT
2025-09-30 01:42:00.506,114385.3,0.254,BTCUSDT
2025-09-30 01:42:00.506,114385.3,0.582,BTCUSDT
2025-09-30 01:42:00.506,114385.3,0.36,BTCUSDT
2025-09-30 01:42:00.506,114385.3,0.491,BTCUSDT
2025-09-30 01:42:00.506,114385.3,1.059,BTCUSDT
2025-09-30 01:42:00.506,114385.3,0.313,BTCUSDT
2025-09-30 01:42:00.506,114385.3,0.043,BTCUSDT
2025-09-30 01:42:00.506,114385.3,2.025,BTCUSDT
2025-09-30 01:42:00.506,114385.3,0.194,BTCUSDT
2025-09-30 01:42:00.506,114385.3,0.062,BTCUSDT
2025-09-30 01:42:00.506,114385.3,0.032,BTCUSDT
2025-09-30 01:42:00.506,114385.3,0.039,BTCUSDT
2025-09-30 01:42:00.506,114385.3,0.04,BTCUSDT
2025-09-30 01:42:00.506,114385.3,0.055,BTCUSDT
2025-09-30 01:42:00.506,114385.3,0.052,BTCUSDT
2025-09-30 01:42:00.507,114385.3,1.265,BTCUSDT
2025-09-30 01:42:00.507,114385.3,0.364,BTCUSDT
2025-09-30 01:42:00.507,114385.3,0.093,BTCUSDT
2025-09-30 01:42:00.507,114385.3,0.294,BTCUSDT
2025-09-30 01:42:00.507,114385.3,0.048,BTCUSDT
2025-09-30 01:42:00.507,114385.3,0.077,BTCUSDT
2025-09-30 01:42:00.507,114385.3,0.158,BTCUSDT
2025-09-30 01:42:00.507,114385.3,0.055,BTCUSDT
2025-09-30 01:42:00.507,114385.3,0.121,BTCUSDT
2025-09-30 01:42:00.508,114385.3,1.057,BTCUSDT
2025-09-30 01:42:00.508,114385.3,0.001,BTCUSDT
2025-09-30 01:42:00.508,114385.3,0.001,BTCUSDT
2025-09-30 01:42:00.508,114385.3,0.017,BTCUSDT
2025-09-30 01:42:00.508,114385.3,0.086,BTCUSDT
2025-09-30 01:42:00.508,114385.3,0.001,BTCUSDT
2025-09-30 01:42:00.508,114385.3,0.013,BTCUSDT
2025-09-30 01:42:00.508,114385.3,0.055,BTCUSDT
2025-09-30 01:42:00.508,114385.3,0.349,BTCUSDT
2025-09-30 01:42:00.508,114385.3,0.087,BTCUSDT
2025-09-30 01:42:00.508,114385.3,0.001,BTCUSDT
2025-09-30 01:42:00.508,114385.3,0.002,BTCUSDT
2025-09-30 01:42:00.508,114385.3,0.268,BTCUSDT
2025-09-30 01:42:00.508,114385.3,0.052,BTCUSDT
2025-09-30 01:42:00.508,114385.3,0.006,BTCUSDT
2025-09-30 01:42:00.508,114385.3,0.272,BTCUSDT
2025-09-30 01:42:00.508,114385.3,0.002,BTCUSDT
2025-09-30 01:42:00.508,114385.3,0.25,BTCUSDT
2025-09-30 01:42:00.508,114385.3,0.004,BTCUSDT
2025-09-30 01:42:00.508,114385.3,0.004,BTCUSDT
2025-09-30 01:42:00.508,114385.3,0.003,BTCUSDT
2025-09-30 01:42:00.508,114385.3,0.24,BTCUSDT
2025-09-30 01:42:00.508,114385.3,0.097,BTCUSDT
2025-09-30 01:42:00.508,114385.3,0.001,BTCUSDT
2025-09-30 01:42:00.508,114385.3,0.003,BTCUSDT
2025-09-30 01:42:00.508,114385.3,0.199,BTCUSDT
2025-09-30 01:42:00.508,114385.3,0.281,BTCUSDT
2025-09-30 01:42:00.508,114385.3,0.006,BTCUSDT
2025-09-30 01:42:00.508,114385.3,0.007,BTCUSDT
2025-09-30 01:42:00.508,114385.3,0.006,BTCUSDT
2025-09-30 01:42:00.508,114385.3,0.006,BTCUSDT
2025-09-30 01:42:00.508,114385.3,0.006,BTCUSDT
2025-09-30 01:42:00.508,114385.3,0.004,BTCUSDT
2025-09-30 01:42:00.508,114385.3,0.151,BTCUSDT
2025-09-30 01:42:00.509,114385.3,0.009,BTCUSDT
2025-09-30 01:42:00.509,114385.3,0.006,BTCUSDT
2025-09-30 01:42:00.509,114385.3,0.001,BTCUSDT
2025-09-30 01:42:00.509,114385.3,0.004,BTCUSDT
2025-09-30 01:42:00.509,114385.3,0.02,BTCUSDT
2025-09-30 01:42:00.510,114385.4,0.001,BTCUSDT
2025-09-30 01:42:00.510,114385.4,0.001,BTCUSDT
2025-09-30 01:42:00.510,114385.4,0.002,BTCUSDT
2025-09-30 01:42:00.510,114385.4,0.002,BTCUSDT
2025-09-30 01:42:00.510,114385.4,0.002,BTCUSDT
2025-09-30 01:42:00.510,114385.5,0.002,BTCUSDT
2025-09-30 01:42:00.510,114385.5,0.002,BTCUSDT
2025-09-30 01:42:00.510,114385.6,0.001,BTCUSDT
2025-09-30 01:42:00.510,114385.7,0.003,BTCUSDT
2025-09-30 01:42:00.510,114385.7,0.002,BTCUSDT
2025-09-30 01:42:00.510,114385.7,0.003,BTCUSDT
2025-09-30 01:42:00.510,114385.7,0.001,BTCUSDT
2025-09-30 01:42:00.510,114385.7,0.1,BTCUSDT
2025-09-30 01:42:00.510,114385.7,0.009,BTCUSDT
2025-09-30 01:42:00.510,114385.7,0.01,BTCUSDT
2025-09-30 01:42:00.510,114385.7,0.012,BTCUSDT
2025-09-30 01:42:00.510,114385.7,0.012,BTCUSDT
2025-09-30 01:42:00.510,114385.7,0.009,BTCUSDT
2025-09-30 01:42:00.510,114385.7,0.021,BTCUSDT
2025-09-30 01:42:00.510,114385.7,0.012,BTCUSDT
2025-09-30 01:42:00.510,114385.7,0.009,BTCUSDT
2025-09-30 01:42:00.510,114385.7,0.023,BTCUSDT
2025-09-30 01:42:00.510,114385.7,0.028,BTCUSDT
2025-09-30 01:42:00.510,114385.7,0.009,BTCUSDT
2025-09-30 01:42:00.510,114385.7,0.007,BTCUSDT
2025-09-30 01:42:00.510,114385.7,0.008,BTCUSDT
2025-09-30 01:42:00.510,114385.7,0.019,BTCUSDT
2025-09-30 01:42:00.510,114385.7,0.052,BTCUSDT
2025-09-30 01:42:00.510,114385.7,0.009,BTCUSDT
2025-09-30 01:42:00.510,114385.7,0.008,BTCUSDT
2025-09-30 01:42:00.510,114385.7,0.002,BTCUSDT
2025-09-30 01:42:00.510,114385.7,0.002,BTCUSDT
2025-09-30 01:42:00.510,114385.7,0.002,BTCUSDT
2025-09-30 01:42:00.510,114385.7,0.001,BTCUSDT
2025-09-30 01:42:00.510,114385.7,0.04,BTCUSDT
2025-09-30 01:42:00.510,114385.7,0.087,BTCUSDT
2025-09-30 01:42:00.510,114385.7,0.001,BTCUSDT
2025-09-30 01:42:00.510,114385.7,0.018,BTCUSDT
2025-09-30 01:42:00.510,114385.7,0.011,BTCUSDT
2025-09-30 01:42:00.511,114385.7,0.007,BTCUSDT
2025-09-30 01:42:00.511,114385.7,0.006,BTCUSDT
2025-09-30 01:42:00.511,114385.7,0.001,BTCUSDT
2025-09-30 01:42:00.511,114385.7,0.001,BTCUSDT
2025-09-30 01:42:00.514,114385.8,0.001,BTCUSDT
2025-09-30 01:42:00.514,114385.8,0.002,BTCUSDT
2025-09-30 01:42:00.514,114385.8,0.001,BTCUSDT
2025-09-30 01:42:00.514,114385.8,0.002,BTCUSDT
2025-09-30 01:42:00.514,114386.3,0.002,BTCUSDT
2025-09-30 01:42:00.514,114386.7,0.002,BTCUSDT
2025-09-30 01:42:00.514,114386.7,0.002,BTCUSDT
2025-09-30 01:42:00.514,114386.9,0.002,BTCUSDT
2025-09-30 01:42:00.514,114387.5,0.002,BTCUSDT
2025-09-30 01:42:00.514,114387.8,0.002,BTCUSDT
2025-09-30 01:42:00.514,114388.0,0.001,BTCUSDT
2025-09-30 01:42:00.514,114388.1,0.002,BTCUSDT
2025-09-30 01:42:00.514,114388.2,0.001,BTCUSDT
2025-09-30 01:42:00.514,114388.3,0.002,BTCUSDT
2025-09-30 01:42:00.514,114388.5,0.002,BTCUSDT
2025-09-30 01:42:00.514,114388.7,0.002,BTCUSDT
2025-09-30 01:42:00.526,114389.0,0.002,BTCUSDT
2025-09-30 01:42:00.526,114389.0,0.002,BTCUSDT
2025-09-30 01:42:00.526,114389.0,0.001,BTCUSDT
2025-09-30 01:42:00.526,114389.0,0.001,BTCUSDT
2025-09-30 01:42:00.526,114389.0,0.001,BTCUSDT
2025-09-30 01:42:00.526,114389.0,0.001,BTCUSDT
2025-09-30 01:42:00.526,114389.3,0.002,BTCUSDT
2025-09-30 01:42:00.526,114389.6,0.002,BTCUSDT
2025-09-30 01:42:00.526,114389.9,0.002,BTCUSDT
2025-09-30 01:42:00.526,114390.0,0.002,BTCUSDT
2025-09-30 01:42:00.526,114390.0,0.001,BTCUSDT
2025-09-30 01:42:00.526,114390.0,0.001,BTCUSDT
2025-09-30 01:42:00.526,114390.1,0.002,BTCUSDT
2025-09-30 01:42:00.526,114390.5,0.001,BTCUSDT
2025-09-30 01:42:00.526,114390.5,0.002,BTCUSDT
2025-09-30 01:42:00.530,114390.5,0.003,BTCUSDT
2025-09-30 01:42:00.530,114390.5,0.034,BTCUSDT
2025-09-30 01:42:00.532,114390.5,0.027,BTCUSDT
2025-09-30 01:42:00.543,114390.4,0.001,BTCUSDT
2025-09-30 01:42:00.893,114390.4,0.04,BTCUSDT
